<?xml version="1.0" encoding="UTF-8"?><collection xmlns="http://www.loc.gov/MARC21/slim"><record><leader>00503nam--2200181-i-4500</leader><controlfield tag="001">000039059</controlfield><controlfield tag="002">20161230</controlfield><controlfield tag="005">20161230201042</controlfield><controlfield tag="008">060222s1000------------r-----000-0-eng-d</controlfield><datafield ind1=" " ind2=" " tag="040"><subfield code="a">IFIN-HH</subfield></datafield><datafield ind1=" " ind2=" " tag="080"><subfield code="a">517.958:530.1</subfield></datafield><datafield ind1="1" ind2=" " tag="100"><subfield code="a">Richtmyer,R.D</subfield></datafield><datafield ind1="1" ind2="0" tag="245"><subfield code="a">Principles of advanced mathematical physics. vol. ii</subfield><subfield code="c">R.d. richtmyer</subfield></datafield><datafield ind1=" " ind2=" " tag="260"><subfield code="a">New York</subfield><subfield code="b">Springer Verlag</subfield><subfield code="c">1981</subfield></datafield><datafield ind1=" " ind2=" " tag="300"><subfield code="a">IX+323 P</subfield></datafield><datafield ind1=" " ind2=" " tag="490"><subfield code="a">Texts And Monographs In Physics</subfield></datafield><datafield ind1=" " ind2=" " tag="852"><subfield code="a">47887</subfield><subfield code="c">53</subfield></datafield><datafield ind1=" " ind2=" " tag="CAT"><subfield code="a">Sys</subfield><subfield code="c">20150326</subfield><subfield code="h">153259</subfield></datafield></record></collection>